<?xml version="1.0" encoding="UTF-8"?><collection xmlns="http://www.loc.gov/MARC21/slim"><record><leader>00442nam--2200157-i-4500</leader><controlfield tag="001">000007576</controlfield><controlfield tag="002">20161230</controlfield><controlfield tag="005">20161230201027</controlfield><controlfield tag="008">060222s1000------------r-----000-0-eng-d</controlfield><datafield ind1="1" ind2=" " tag="100"><subfield code="a">Cristescu, Romulus</subfield></datafield><datafield ind1="1" ind2="0" tag="245"><subfield code="a">Elemente de analiza functionala si introducere in teoria distributiilor</subfield></datafield><datafield ind1=" " ind2=" " tag="260"><subfield code="a">Bucuresti, Editura Tehnica, 1966</subfield></datafield><datafield ind1=" " ind2=" " tag="300"><subfield code="a">222 p</subfield></datafield><datafield ind1="1" ind2=" " tag="700"><subfield code="a">Romulus Cristescu</subfield></datafield><datafield ind1=" " ind2=" " tag="852"><subfield code="a">23559</subfield><subfield code="c">517</subfield></datafield><datafield ind1=" " ind2=" " tag="CAT"><subfield code="a">Sys</subfield><subfield code="c">20080618</subfield><subfield code="h">090455</subfield></datafield></record></collection>